<record><leader>00000cas a22000007a 4500</leader><controlfield tag="001">10361670</controlfield><controlfield tag="008">840201d18841924nbudn ne      0    0eng  </controlfield><datafield ind1=" " ind2=" " tag="010"><subfield code="a">sn 84020107 </subfield></datafield><datafield ind1=" " ind2=" " tag="040"><subfield code="a">DLC</subfield><subfield code="b">eng</subfield><subfield code="c">DLC</subfield><subfield code="d">NVG</subfield><subfield code="d">OCLCQ</subfield><subfield code="d">OCLCO</subfield><subfield code="d">OCLCQ</subfield><subfield code="d">OCLCF</subfield></datafield><datafield ind1="1" ind2=" " tag="029"><subfield code="a">AU@</subfield><subfield code="b">000020409564</subfield></datafield><datafield ind1=" " ind2=" " tag="042"><subfield code="a">msc</subfield></datafield><datafield ind1=" " ind2=" " tag="043"><subfield code="a">n-us-nb</subfield></datafield><datafield ind1="0" ind2="0" tag="050"><subfield code="a">Newspaper 8663-X</subfield></datafield><datafield ind1="0" ind2="4" tag="245"><subfield code="a">The Beatrice daily express.</subfield></datafield><datafield ind1=" " ind2=" " tag="260"><subfield code="a">Beatrice, Neb. :</subfield><subfield code="b">M.A. Brown,</subfield><subfield code="c">-1924.</subfield></datafield><datafield ind1=" " ind2=" " tag="300"><subfield code="a">v. :</subfield><subfield code="b">ill. ;</subfield><subfield code="c">69 cm.</subfield></datafield><datafield ind1=" " ind2=" " tag="310"><subfield code="a">Daily (except Sun.)</subfield></datafield><datafield ind1="1" ind2=" " tag="362"><subfield code="a">Began in 1884.</subfield></datafield><datafield ind1="0" ind2=" " tag="362"><subfield code="a">-v. 39, no. 23 (Apr. 26, 1924).</subfield></datafield><datafield ind1=" " ind2=" " tag="500"><subfield code="a">"Republican." Cf. Ayer, 1885.</subfield></datafield><datafield ind1=" " ind2=" " tag="580"><subfield code="a">Other eds.: Beatrice weekly express, 1884-1901, Beatrice semi-weekly express, 1901-1903, Semi-weekly express (Beatrice, Neb.), 1903-1906, Weekly express (Beatrice, Neb.), 1906-1909, Semi-weekly express (Beatrice, Neb. : 1909), 1909-1911, and: Beatrice weekly express (Beatrice, Neb. : 1911), 1911-1912.</subfield></datafield><datafield ind1=" " ind2=" " tag="588"><subfield code="a">Description based on: 1st year, no. 253 (Nov. 11, 1884).</subfield></datafield><datafield ind1=" " ind2="0" tag="651"><subfield code="a">Gage County (Neb.)</subfield><subfield code="v">Newspapers.</subfield></datafield><datafield ind1=" " ind2="7" tag="655"><subfield code="a">Newspapers.</subfield><subfield code="2">fast</subfield><subfield code="0">(OCoLC)fst01423814</subfield></datafield><datafield ind1=" " ind2="7" tag="651"><subfield code="a">Nebraska</subfield><subfield code="z">Gage County.</subfield><subfield code="2">fast</subfield><subfield code="0">(OCoLC)fst01204083</subfield></datafield><datafield ind1=" " ind2=" " tag="752"><subfield code="a">United States</subfield><subfield code="b">Nebraska</subfield><subfield code="c">Gage</subfield><subfield code="d">Beatrice.</subfield></datafield><datafield ind1="1" ind2=" " tag="775"><subfield code="t">Beatrice weekly express</subfield></datafield><datafield ind1="1" ind2=" " tag="775"><subfield code="t">Beatrice semi-weekly express</subfield></datafield><datafield ind1="1" ind2=" " tag="775"><subfield code="t">Semi-weekly express (Beatrice, Neb.)</subfield></datafield><datafield ind1="1" ind2=" " tag="775"><subfield code="t">Weekly express (Beatrice, Neb.)</subfield></datafield><datafield ind1="1" ind2=" " tag="775"><subfield code="t">Semi-weekly express (Beatrice, Neb. : 1909)</subfield></datafield><datafield ind1="1" ind2=" " tag="775"><subfield code="t">Beatrice weekly express (Beatrice, Neb. : 1911)</subfield></datafield><datafield ind1="0" ind2="5" tag="780"><subfield code="t">Beatrice weekly express (Beatrice, Neb. : 1911)</subfield></datafield><datafield ind1="0" ind2="4" tag="785"><subfield code="t">Beatrice daily sun</subfield></datafield></record>